%% This BibTeX bibliography file was created using BibDesk.
%% http://bibdesk.sourceforge.net/

%% Created for Simone Ceccherini at 2016-09-02 09:58:26 +0200 


%% Saved with string encoding Unicode (UTF-8) 



@inproceedings{szabo2013eight,
	Author = {Szabo, James and Pote, Bruce and Byrne, Lawrence and Paintal, Surjeet and Hruby, Vlad and Tedrake, Rachel and Kolencik, George and Freeman, Chas and Gatsonis, Nikolaos},
	Booktitle = {$33^{rd}$ International Electric Propulsion Conference},
	Date-Added = {2016-09-02 07:57:29 +0000},
	Date-Modified = {2016-09-02 07:57:29 +0000},
	Title = {Eight Kilowatt Hall thruster system characterization},
	Year = {2013}}

@book{goebel2008fundamentals,
	Author = {Goebel, Dan M and Katz, Ira},
	Date-Added = {2016-09-01 16:48:09 +0000},
	Date-Modified = {2016-09-01 16:48:09 +0000},
	Publisher = {John Wiley \& Sons},
	Title = {Fundamentals of electric propulsion: ion and Hall thrusters},
	Year = {2008},
	Bdsk-File-1 = {YnBsaXN0MDDUAQIDBAUGJCVYJHZlcnNpb25YJG9iamVjdHNZJGFyY2hpdmVyVCR0b3ASAAGGoKgHCBMUFRYaIVUkbnVsbNMJCgsMDxJXTlMua2V5c1pOUy5vYmplY3RzViRjbGFzc6INDoACgAOiEBGABIAFgAdccmVsYXRpdmVQYXRoWWFsaWFzRGF0YV8QVy4uLy4uL0RvY3VtZW50cy9Qb2xpTWkvdGhlc2lzL3BhcGVycyBwZXIgY2l0YXppb25pL0Z1bmRhbWVudGFsc09mRWxlY3RyaWNQcm9wdWxzaW9uLnBkZtIXCxgZV05TLmRhdGFPEQIwAAAAAAIwAAIAAAxNYWNpbnRvc2ggSEQAAAAAAAAAAAAAAAAAAADR3Uf+SCsAAABz1xwfRnVuZGFtZW50YWxzT2ZFbGVjdHIjOUNFODgzLnBkZgAAAAAAAAAAAAAAAAAAAAAAAAAAAAAAAAAAAAAAAAAAAJzog9JYIToAAAAAAAAAAAACAAUAAAkgAAAAAAAAAAAAAAAAAAAAFHBhcGVycyBwZXIgY2l0YXppb25pABAACAAA0d0r3gAAABEACAAA0lgTKgAAAAEAGABz1xwAc9bZAAkaCAAGxBQABsQTAAKYDQACAGxNYWNpbnRvc2ggSEQ6VXNlcnM6AFNpbW9uZToARG9jdW1lbnRzOgBQb2xpTWk6AHRoZXNpczoAcGFwZXJzIHBlciBjaXRhemlvbmk6AEZ1bmRhbWVudGFsc09mRWxlY3RyIzlDRTg4My5wZGYADgBKACQARgB1AG4AZABhAG0AZQBuAHQAYQBsAHMATwBmAEUAbABlAGMAdAByAGkAYwBQAHIAbwBwAHUAbABzAGkAbwBuAC4AcABkAGYADwAaAAwATQBhAGMAaQBuAHQAbwBzAGgAIABIAEQAEgBeVXNlcnMvU2ltb25lL0RvY3VtZW50cy9Qb2xpTWkvdGhlc2lzL3BhcGVycyBwZXIgY2l0YXppb25pL0Z1bmRhbWVudGFsc09mRWxlY3RyaWNQcm9wdWxzaW9uLnBkZgATAAEvAAAVAAIADf//AACABtIbHB0eWiRjbGFzc25hbWVYJGNsYXNzZXNdTlNNdXRhYmxlRGF0YaMdHyBWTlNEYXRhWE5TT2JqZWN00hscIiNcTlNEaWN0aW9uYXJ5oiIgXxAPTlNLZXllZEFyY2hpdmVy0SYnVHJvb3SAAQAIABEAGgAjAC0AMgA3AEAARgBNAFUAYABnAGoAbABuAHEAcwB1AHcAhACOAOgA7QD1AykDKwMwAzsDRANSA1YDXQNmA2sDeAN7A40DkAOVAAAAAAAAAgEAAAAAAAAAKAAAAAAAAAAAAAAAAAAAA5c=}}

@article{graham2015minimum,
	Author = {Graham, Kathryn F. and Rao, Anil V.},
	Date-Added = {2016-09-01 09:10:51 +0000},
	Date-Modified = {2016-09-01 09:10:51 +0000},
	Journal = {Journal of Spacecraft and Rockets},
	Number = {3},
	Pages = {711--727},
	Publisher = {American Institute of Aeronautics and Astronautics},
	Title = {Minimum-Time Trajectory Optimization of Multiple Revolution Low-Thrust Earth-Orbit Transfers},
	Volume = {52},
	Year = {2015}}

@mastersthesis{tesiluca,
	Author = {Ferella, Luca},
	Date-Added = {2016-08-29 10:07:03 +0000},
	Date-Modified = {2016-08-29 10:07:03 +0000},
	School = {Politecnico di Milano},
	Title = {Indirect optimization of long-duration multi-spirals low-thrust transfers with homotopy},
	Year = {2016}}

@inproceedings{duchemin2011electric,
	Author = {Duchemin, Olivier and Leroi, Vaitua and {\"O}berg, Michael and Bourguignon, {\'E}ric and Pardonge, Murielle and Scalais, Thierry and Demair{\'e}, Alain and Persson, Staffan and L{\"u}bberstedt, Hendrik},
	Date-Added = {2016-08-29 08:17:47 +0000},
	Date-Modified = {2016-08-29 08:17:47 +0000},
	Organization = {IEPC-2011-167, $32^{nd}$ International Electric Propulsion Conference, Wiesbaden, Germany, September 2011},
	Title = {Electric Propulsion Thruster Assembly for Small GEO--Status Update}}

@inproceedings{Hofer:2006aa,
	Annote = {doi:10.2514/6.2006-4469},
	Author = {Richard Hofer and Thomas Randolph and David Oh and John Snyder and Kristi de Grys},
	Booktitle = {$42^{nd}$ AIAA/ASME/SAE/ASEE Joint Propulsion Conference \& Exhibit},
	Date-Added = {2016-08-29 08:16:02 +0000},
	Date-Modified = {2016-08-29 08:16:02 +0000},
	Doi = {doi:10.2514/6.2006-4469},
	M1 = {0},
	M3 = {doi:10.2514/6.2006-4469},
	Month = {07},
	Publisher = {American Institute of Aeronautics and Astronautics},
	Title = {Evaluation of a 4.5 kW Commercial Hall Thruster System for NASA Science Missions},
	Title1 = {Joint Propulsion Conferences},
	Ty = {CHAP},
	Year = {2006},
	Bdsk-File-1 = {YnBsaXN0MDDUAQIDBAUGJCVYJHZlcnNpb25YJG9iamVjdHNZJGFyY2hpdmVyVCR0b3ASAAGGoKgHCBMUFRYaIVUkbnVsbNMJCgsMDxJXTlMua2V5c1pOUy5vYmplY3RzViRjbGFzc6INDoACgAOiEBGABIAFgAdccmVsYXRpdmVQYXRoWWFsaWFzRGF0YV8QRS4uLy4uL0RvY3VtZW50cy9Qb2xpTWkvdGhlc2lzL3BhcGVycyBwZXIgY2l0YXppb25pL2FpYWEtMjAwNi00NDY5LnBkZtIXCxgZV05TLmRhdGFPEQHuAAAAAAHuAAIAAAxNYWNpbnRvc2ggSEQAAAAAAAAAAAAAAAAAAADR3Uf+SCsAAABz1xwSYWlhYS0yMDA2LTQ0NjkucGRmAAAAAAAAAAAAAAAAAAAAAAAAAAAAAAAAAAAAAAAAAAAAAAAAAAAAAAAAAAAAAHPXJNJFcMEAAAAAAAAAAAACAAUAAAkgAAAAAAAAAAAAAAAAAAAAFHBhcGVycyBwZXIgY2l0YXppb25pABAACAAA0d0r3gAAABEACAAA0kVUoQAAAAEAGABz1xwAc9bZAAkaCAAGxBQABsQTAAKYDQACAF9NYWNpbnRvc2ggSEQ6VXNlcnM6AFNpbW9uZToARG9jdW1lbnRzOgBQb2xpTWk6AHRoZXNpczoAcGFwZXJzIHBlciBjaXRhemlvbmk6AGFpYWEtMjAwNi00NDY5LnBkZgAADgAmABIAYQBpAGEAYQAtADIAMAAwADYALQA0ADQANgA5AC4AcABkAGYADwAaAAwATQBhAGMAaQBuAHQAbwBzAGgAIABIAEQAEgBMVXNlcnMvU2ltb25lL0RvY3VtZW50cy9Qb2xpTWkvdGhlc2lzL3BhcGVycyBwZXIgY2l0YXppb25pL2FpYWEtMjAwNi00NDY5LnBkZgATAAEvAAAVAAIADf//AACABtIbHB0eWiRjbGFzc25hbWVYJGNsYXNzZXNdTlNNdXRhYmxlRGF0YaMdHyBWTlNEYXRhWE5TT2JqZWN00hscIiNcTlNEaWN0aW9uYXJ5oiIgXxAPTlNLZXllZEFyY2hpdmVy0SYnVHJvb3SAAQAIABEAGgAjAC0AMgA3AEAARgBNAFUAYABnAGoAbABuAHEAcwB1AHcAhACOANYA2wDjAtUC1wLcAucC8AL+AwIDCQMSAxcDJAMnAzkDPANBAAAAAAAAAgEAAAAAAAAAKAAAAAAAAAAAAAAAAAAAA0M=}}

@inbook{Randolph:2002aa,
	Annote = {doi:10.2514/6.2002-1980},
	Author = {Thomas Randolph and David Oh},
	Booktitle = {$20^{th}$ AIAA International Communication Satellite Systems Conference and Exhibit},
	Date-Added = {2016-08-28 09:31:59 +0000},
	Date-Modified = {2016-08-28 09:31:59 +0000},
	Doi = {doi:10.2514/6.2002-1980},
	M1 = {0},
	M3 = {doi:10.2514/6.2002-1980},
	Month = {11},
	Publisher = {American Institute of Aeronautics and Astronautics},
	Title = {Economic Benefit Analysis of Chemical-Electric Orbit Raising Missions},
	Title1 = {International Communications Satellite Systems Conferences (ICSSC)},
	Ty = {CHAP},
	Year = {2002},
	Bdsk-File-1 = {YnBsaXN0MDDUAQIDBAUGJCVYJHZlcnNpb25YJG9iamVjdHNZJGFyY2hpdmVyVCR0b3ASAAGGoKgHCBMUFRYaIVUkbnVsbNMJCgsMDxJXTlMua2V5c1pOUy5vYmplY3RzViRjbGFzc6INDoACgAOiEBGABIAFgAdccmVsYXRpdmVQYXRoWWFsaWFzRGF0YV8QRC4uLy4uL0RvY3VtZW50cy9Qb2xpTWkvdGhlc2lzL3BhcGVycyBwZXIgY2l0YXppb25pLzYlMkUyMDAyLTE5ODAucGRm0hcLGBlXTlMuZGF0YU8RAeoAAAAAAeoAAgAADE1hY2ludG9zaCBIRAAAAAAAAAAAAAAAAAAAANHdR/5IKwAAAHPXHBE2JTJFMjAwMi0xOTgwLnBkZgAAAAAAAAAAAAAAAAAAAAAAAAAAAAAAAAAAAAAAAAAAAAAAAAAAAAAAAAAAAAABTa5D0lZUXQAAAAAAAAAAAAIABQAACSAAAAAAAAAAAAAAAAAAAAAUcGFwZXJzIHBlciBjaXRhemlvbmkAEAAIAADR3SveAAAAEQAIAADSVkZNAAAAAQAYAHPXHABz1tkACRoIAAbEFAAGxBMAApgNAAIAXk1hY2ludG9zaCBIRDpVc2VyczoAU2ltb25lOgBEb2N1bWVudHM6AFBvbGlNaToAdGhlc2lzOgBwYXBlcnMgcGVyIGNpdGF6aW9uaToANiUyRTIwMDItMTk4MC5wZGYADgAkABEANgAlADIARQAyADAAMAAyAC0AMQA5ADgAMAAuAHAAZABmAA8AGgAMAE0AYQBjAGkAbgB0AG8AcwBoACAASABEABIAS1VzZXJzL1NpbW9uZS9Eb2N1bWVudHMvUG9saU1pL3RoZXNpcy9wYXBlcnMgcGVyIGNpdGF6aW9uaS82JTJFMjAwMi0xOTgwLnBkZgAAEwABLwAAFQACAA3//wAAgAbSGxwdHlokY2xhc3NuYW1lWCRjbGFzc2VzXU5TTXV0YWJsZURhdGGjHR8gVk5TRGF0YVhOU09iamVjdNIbHCIjXE5TRGljdGlvbmFyeaIiIF8QD05TS2V5ZWRBcmNoaXZlctEmJ1Ryb290gAEACAARABoAIwAtADIANwBAAEYATQBVAGAAZwBqAGwAbgBxAHMAdQB3AIQAjgDVANoA4gLQAtIC1wLiAusC+QL9AwQDDQMSAx8DIgM0AzcDPAAAAAAAAAIBAAAAAAAAACgAAAAAAAAAAAAAAAAAAAM+}}

@inproceedings{fetzer2008production,
	Author = {Fetzer, Chris and Jun, Bongim and Edmondson, Kenneth and Khemthong, Scott and Rouhani, Kaveh and Cravens, Robert and Bardfield, Rina and Gillanders, Mark},
	Booktitle = {Photovoltaic Specialists Conference, 2008. PVSC'08. $33^{rd}$ IEEE},
	Date-Added = {2016-08-27 14:39:56 +0000},
	Date-Modified = {2016-08-27 14:39:56 +0000},
	Title = {Production ready 30\% efficient triple junction space solar cells},
	Year = {2008}}

@book{inter2002iadc,
	Author = {{IASDCC} and others},
	Date-Added = {2016-08-26 15:00:49 +0000},
	Date-Modified = {2016-08-26 15:00:49 +0000},
	Publisher = {Inter-Agency Space Debris Coordination Committee},
	Title = {{IADC} space debris mitigation guidelines},
	Year = {2002}}

@book{wertz2011space,
	Author = {Wertz, James Richard and Everett, David F and Puschell, Jeffery John},
	Date-Added = {2016-08-26 14:40:34 +0000},
	Date-Modified = {2016-08-26 14:40:34 +0000},
	Publisher = {Microcosm Press},
	Title = {{S}pace {M}ission {E}ngineering: the {N}ew {SMAD}},
	Year = {2011}}

@book{bryson1975applied,
	Author = {A. E. Bryson and Y. Ho},
	Publisher = {CRC Press},
	Title = {Applied optimal control: optimization, estimation and control},
	Year = {1975}}

@book{pontryagin,
	Author = {L. S. Pontryagin and V. G. Boltyanskii and R. V. Gamkrelidze and E. F. Mishchenko},
	Publisher = {Interscience},
	Title = {The Mathematical Theory of Optimal Processes},
	Year = {1962}}

@book{lawden,
	Author = {D. F. Lawden},
	Publisher = {Butterworths},
	Title = {Optimal trajectories for space navigation},
	Year = {1963}}

@inproceedings{oleson1996launch,
	Author = {Oleson, Steven R. and Myers, Roger M.},
	Booktitle = {$32^{nd}$ Joint Propulsion Conference},
	Date-Modified = {2016-07-07 06:52:29 +0000},
	Title = {Launch vehicle and power level impacts on electric GEO insertion},
	Year = {1996}}

@article{Oleson:1997aa,
	Annote = {doi: 10.2514/2.3187},
	Author = {Oleson, Steven R. and Myers, Roger M. and Kluever, Craig A. and Riehl, John P. and Curran, Francis M.},
	Booktitle = {Journal of Spacecraft and Rockets},
	Date-Added = {2015-11-09 15:26:12 +0000},
	Date-Modified = {2016-07-08 09:22:55 +0000},
	Doi = {10.2514/2.3187},
	Isbn = {0022-4650},
	Journal = {Journal of Spacecraft and Rockets},
	Journal1 = {Journal of Spacecraft and Rockets},
	M3 = {doi: 10.2514/2.3187},
	Month = {01},
	Number = {1},
	Pages = {22--28},
	Publisher = {American Institute of Aeronautics and Astronautics},
	Title = {{A}dvanced {P}ropulsion for {G}eostationary {O}rbit {I}nsertion and {N}orth-{S}outh {S}tation {K}eeping},
	Ty = {JOUR},
	Volume = {34},
	Year = {1997},
	Bdsk-File-1 = {YnBsaXN0MDDUAQIDBAUGJCVYJHZlcnNpb25YJG9iamVjdHNZJGFyY2hpdmVyVCR0b3ASAAGGoKgHCBMUFRYaIVUkbnVsbNMJCgsMDxJXTlMua2V5c1pOUy5vYmplY3RzViRjbGFzc6INDoACgAOiEBGABIAFgAdccmVsYXRpdmVQYXRoWWFsaWFzRGF0YV8QPy4uLy4uL0RvY3VtZW50cy9Qb2xpTWkvdGhlc2lzL3BhcGVycyBwZXIgY2l0YXppb25pLzIlMkUzMTg3LnBkZtIXCxgZV05TLmRhdGFPEQHWAAAAAAHWAAIAAAxNYWNpbnRvc2ggSEQAAAAAAAAAAAAAAAAAAADR3Uf+SCsAAABz1xwMMiUyRTMxODcucGRmAAAAAAAAAAAAAAAAAAAAAAAAAAAAAAAAAAAAAAAAAAAAAAAAAAAAAAAAAAAAAAAAAAAAALXIV9JFbVcAAAAAAAAAAAACAAUAAAkgAAAAAAAAAAAAAAAAAAAAFHBhcGVycyBwZXIgY2l0YXppb25pABAACAAA0d0r3gAAABEACAAA0kVRNwAAAAEAGABz1xwAc9bZAAkaCAAGxBQABsQTAAKYDQACAFlNYWNpbnRvc2ggSEQ6VXNlcnM6AFNpbW9uZToARG9jdW1lbnRzOgBQb2xpTWk6AHRoZXNpczoAcGFwZXJzIHBlciBjaXRhemlvbmk6ADIlMkUzMTg3LnBkZgAADgAaAAwAMgAlADIARQAzADEAOAA3AC4AcABkAGYADwAaAAwATQBhAGMAaQBuAHQAbwBzAGgAIABIAEQAEgBGVXNlcnMvU2ltb25lL0RvY3VtZW50cy9Qb2xpTWkvdGhlc2lzL3BhcGVycyBwZXIgY2l0YXppb25pLzIlMkUzMTg3LnBkZgATAAEvAAAVAAIADf//AACABtIbHB0eWiRjbGFzc25hbWVYJGNsYXNzZXNdTlNNdXRhYmxlRGF0YaMdHyBWTlNEYXRhWE5TT2JqZWN00hscIiNcTlNEaWN0aW9uYXJ5oiIgXxAPTlNLZXllZEFyY2hpdmVy0SYnVHJvb3SAAQAIABEAGgAjAC0AMgA3AEAARgBNAFUAYABnAGoAbABuAHEAcwB1AHcAhACOANAA1QDdArcCuQK+AskC0gLgAuQC6wL0AvkDBgMJAxsDHgMjAAAAAAAAAgEAAAAAAAAAKAAAAAAAAAAAAAAAAAAAAyU=}}

@inbook{corey2010performance,
	Annote = {doi:10.2514/6.2010-8688},
	Author = {Ron Corey and Nicolas Gascon and Jorge Delgado and Geraldine Gaeta and Saghir Munir and Jeffery Lin},
	Booktitle = {28th AIAA International Communications Satellite Systems Conference (ICSSC-2010)},
	Date-Added = {2016-07-07 11:53:54 +0000},
	Date-Modified = {2016-07-07 13:00:57 +0000},
	Doi = {doi:10.2514/6.2010-8688},
	M1 = {0},
	M3 = {doi:10.2514/6.2010-8688},
	Publisher = {American Institute of Aeronautics and Astronautics},
	Title = {Performance and Evolution of Stationary Plasma Thruster Electric Propulsion for Large Communications Satellites},
	Title1 = {International Communications Satellite Systems Conferences (ICSSC)},
	Ty = {CHAP},
	Year = {2010},
	Year1 = {2010/08/30},
	Bdsk-Url-1 = {http://dx.doi.org/10.2514/6.2010-8688}}

@article{Kluever:2012aa,
	Annote = {doi: 10.2514/1.A32213},
	Author = {Kluever, Craig A.},
	Booktitle = {Journal of Spacecraft and Rockets},
	Date-Added = {2015-11-23 11:39:32 +0000},
	Date-Modified = {2016-07-08 09:12:00 +0000},
	Doi = {10.2514/1.A32213},
	Isbn = {0022-4650},
	Journal = {Journal of Spacecraft and Rockets},
	Journal1 = {Journal of Spacecraft and Rockets},
	M3 = {doi: 10.2514/1.A32213},
	Month = {11},
	Number = {6},
	Pages = {1174--1182},
	Publisher = {American Institute of Aeronautics and Astronautics},
	Title = {{O}ptimal {G}eostationary {O}rbit {T}ransfers {U}sing {O}nboard {C}hemical-{E}lectric {P}ropulsion},
	Volume = {49},
	Year = {2012},
	Bdsk-File-1 = {YnBsaXN0MDDUAQIDBAUGJCVYJHZlcnNpb25YJG9iamVjdHNZJGFyY2hpdmVyVCR0b3ASAAGGoKgHCBMUFRYaIVUkbnVsbNMJCgsMDxJXTlMua2V5c1pOUy5vYmplY3RzViRjbGFzc6INDoACgAOiEBGABIAFgAdccmVsYXRpdmVQYXRoWWFsaWFzRGF0YV8QQS4uLy4uL0RvY3VtZW50cy9Qb2xpTWkvdGhlc2lzL3BhcGVycyBwZXIgY2l0YXppb25pLzElMkVhMzIyMTMucGRm0hcLGBlXTlMuZGF0YU8RAd4AAAAAAd4AAgAADE1hY2ludG9zaCBIRAAAAAAAAAAAAAAAAAAAANHdR/5IKwAAAHPXHA4xJTJFYTMyMjEzLnBkZgAAAAAAAAAAAAAAAAAAAAAAAAAAAAAAAAAAAAAAAAAAAAAAAAAAAAAAAAAAAAAAAAAAfLIV0kVwPgAAAAAAAAAAAAIABQAACSAAAAAAAAAAAAAAAAAAAAAUcGFwZXJzIHBlciBjaXRhemlvbmkAEAAIAADR3SveAAAAEQAIAADSRVQeAAAAAQAYAHPXHABz1tkACRoIAAbEFAAGxBMAApgNAAIAW01hY2ludG9zaCBIRDpVc2VyczoAU2ltb25lOgBEb2N1bWVudHM6AFBvbGlNaToAdGhlc2lzOgBwYXBlcnMgcGVyIGNpdGF6aW9uaToAMSUyRWEzMjIxMy5wZGYAAA4AHgAOADEAJQAyAEUAYQAzADIAMgAxADMALgBwAGQAZgAPABoADABNAGEAYwBpAG4AdABvAHMAaAAgAEgARAASAEhVc2Vycy9TaW1vbmUvRG9jdW1lbnRzL1BvbGlNaS90aGVzaXMvcGFwZXJzIHBlciBjaXRhemlvbmkvMSUyRWEzMjIxMy5wZGYAEwABLwAAFQACAA3//wAAgAbSGxwdHlokY2xhc3NuYW1lWCRjbGFzc2VzXU5TTXV0YWJsZURhdGGjHR8gVk5TRGF0YVhOU09iamVjdNIbHCIjXE5TRGljdGlvbmFyeaIiIF8QD05TS2V5ZWRBcmNoaXZlctEmJ1Ryb290gAEACAARABoAIwAtADIANwBAAEYATQBVAGAAZwBqAGwAbgBxAHMAdQB3AIQAjgDSANcA3wLBAsMCyALTAtwC6gLuAvUC/gMDAxADEwMlAygDLQAAAAAAAAIBAAAAAAAAACgAAAAAAAAAAAAAAAAAAAMv}}

@article{Kluever:2015aa,
	Annote = {doi: 10.2514/1.A33259},
	Author = {Kluever, Craig A.},
	Booktitle = {Journal of Spacecraft and Rockets},
	Date-Added = {2015-11-09 15:26:12 +0000},
	Date-Modified = {2016-07-08 09:23:27 +0000},
	Doi = {10.2514/1.A33259},
	Isbn = {0022-4650},
	Journal = {Journal of Spacecraft and Rockets},
	Journal1 = {Journal of Spacecraft and Rockets},
	M3 = {doi: 10.2514/1.A33259},
	Month = {10},
	Number = {4},
	Pages = {1144--1151},
	Publisher = {American Institute of Aeronautics and Astronautics},
	Title = {{D}esigning {T}ransfers to {G}eostationary {O}rbit {U}sing {C}ombined {C}hemical--{E}lectric {P}ropulsion},
	Ty = {JOUR},
	Volume = {52},
	Year = {2015},
	Bdsk-File-1 = {YnBsaXN0MDDUAQIDBAUGJCVYJHZlcnNpb25YJG9iamVjdHNZJGFyY2hpdmVyVCR0b3ASAAGGoKgHCBMUFRYaIVUkbnVsbNMJCgsMDxJXTlMua2V5c1pOUy5vYmplY3RzViRjbGFzc6INDoACgAOiEBGABIAFgAdccmVsYXRpdmVQYXRoWWFsaWFzRGF0YV8QQS4uLy4uL0RvY3VtZW50cy9Qb2xpTWkvdGhlc2lzL3BhcGVycyBwZXIgY2l0YXppb25pLzElMkVhMzMyNTkucGRm0hcLGBlXTlMuZGF0YU8RAd4AAAAAAd4AAgAADE1hY2ludG9zaCBIRAAAAAAAAAAAAAAAAAAAANHdR/5IKwAAAHPXHA4xJTJFYTMzMjU5LnBkZgAAAAAAAAAAAAAAAAAAAAAAAAAAAAAAAAAAAAAAAAAAAAAAAAAAAAAAAAAAAAAAAAABRu4F0pcxwAAAAAAAAAAAAAIABQAACSAAAAAAAAAAAAAAAAAAAAAUcGFwZXJzIHBlciBjaXRhemlvbmkAEAAIAADR3SveAAAAEQAIAADSlyOwAAAAAQAYAHPXHABz1tkACRoIAAbEFAAGxBMAApgNAAIAW01hY2ludG9zaCBIRDpVc2VyczoAU2ltb25lOgBEb2N1bWVudHM6AFBvbGlNaToAdGhlc2lzOgBwYXBlcnMgcGVyIGNpdGF6aW9uaToAMSUyRWEzMzI1OS5wZGYAAA4AHgAOADEAJQAyAEUAYQAzADMAMgA1ADkALgBwAGQAZgAPABoADABNAGEAYwBpAG4AdABvAHMAaAAgAEgARAASAEhVc2Vycy9TaW1vbmUvRG9jdW1lbnRzL1BvbGlNaS90aGVzaXMvcGFwZXJzIHBlciBjaXRhemlvbmkvMSUyRWEzMzI1OS5wZGYAEwABLwAAFQACAA3//wAAgAbSGxwdHlokY2xhc3NuYW1lWCRjbGFzc2VzXU5TTXV0YWJsZURhdGGjHR8gVk5TRGF0YVhOU09iamVjdNIbHCIjXE5TRGljdGlvbmFyeaIiIF8QD05TS2V5ZWRBcmNoaXZlctEmJ1Ryb290gAEACAARABoAIwAtADIANwBAAEYATQBVAGAAZwBqAGwAbgBxAHMAdQB3AIQAjgDSANcA3wLBAsMCyALTAtwC6gLuAvUC/gMDAxADEwMlAygDLQAAAAAAAAIBAAAAAAAAACgAAAAAAAAAAAAAAAAAAAMv}}

@article{kluever1997optimal,
	Author = {Kluever, Craig A.},
	Date-Modified = {2016-07-08 09:24:32 +0000},
	Journal = {Journal of guidance, control, and dynamics},
	Number = {2},
	Pages = {253--258},
	Title = {{O}ptimal {E}arth-{M}oon {T}rajectories {U}sing {C}ombined {c}hemical-{E}lectric {P}ropulsion},
	Volume = {20},
	Year = {1997}}

@conference{mingotti2012hybrid,
	Author = {Mingotti, Giorgio and Topputo, Francesco and Bernelli-Zazzera, Franco},
	Booktitle = {$1^{st}$ IAA Conference on Dynamics and Control of Space Systems},
	Date-Modified = {2016-07-07 08:00:04 +0000},
	Publisher = {Univelt Inc},
	Title = {Hybrid propulsion transfers to the Moon},
	Year = {2012}}

@techreport{esa-prof,
	Author = {Topputo, Francesco and Long, Richard and Mingotti, Giorgio and Massari, Mauro},
	Date-Added = {2016-06-02 15:15:42 +0000},
	Date-Modified = {2016-07-07 12:16:31 +0000},
	Institution = {ESA/ESTEC},
	Number = {105465/12/NL/AF},
	Title = {Hybrid Propulsion Transfer Strategies},
	Year = {2012}}

@techreport{sackett1975solar,
	Author = {Sackett, Lester L. and Malchow, Harvey L. and Edelbaum, Theodore N.},
	Date-Modified = {2016-07-07 06:36:05 +0000},
	Number = {{NASA} CR-134927},
	Title = {Solar electric geocentric transfer with attitude constraints: analysis},
	Year = {1975}}

@article{Mailhe:2002aa,
	Annote = {doi: 10.2514/2.3791},
	Author = {Mailhe, Laurie M. and Heister, Stephen D.},
	Booktitle = {Journal of Spacecraft and Rockets},
	Date-Added = {2015-11-09 15:26:12 +0000},
	Date-Modified = {2016-07-02 11:39:01 +0000},
	Doi = {10.2514/2.3791},
	Isbn = {0022-4650},
	Journal = {Journal of Spacecraft and Rockets},
	Journal1 = {Journal of Spacecraft and Rockets},
	M3 = {doi: 10.2514/2.3791},
	Month = {01},
	Number = {1},
	Pages = {131--139},
	Publisher = {American Institute of Aeronautics and Astronautics},
	Title = {Design of a Hybrid Chemical/Electric Propulsion Orbital Transfer Vehicle},
	Ty = {JOUR},
	Volume = {39},
	Year = {2002},
	Bdsk-File-1 = {YnBsaXN0MDDUAQIDBAUGJCVYJHZlcnNpb25YJG9iamVjdHNZJGFyY2hpdmVyVCR0b3ASAAGGoKgHCBMUFRYaIVUkbnVsbNMJCgsMDxJXTlMua2V5c1pOUy5vYmplY3RzViRjbGFzc6INDoACgAOiEBGABIAFgAdccmVsYXRpdmVQYXRoWWFsaWFzRGF0YV8QPy4uLy4uL0RvY3VtZW50cy9Qb2xpTWkvdGhlc2lzL3BhcGVycyBwZXIgY2l0YXppb25pLzIlMkUzNzkxLnBkZtIXCxgZV05TLmRhdGFPEQHWAAAAAAHWAAIAAAxNYWNpbnRvc2ggSEQAAAAAAAAAAAAAAAAAAADR3Uf+SCsAAABz1xwMMiUyRTM3OTEucGRmAAAAAAAAAAAAAAAAAAAAAAAAAAAAAAAAAAAAAAAAAAAAAAAAAAAAAAAAAAAAAAAAAAAAAHdXi9JRZsEAAAAAAAAAAAACAAUAAAkgAAAAAAAAAAAAAAAAAAAAFHBhcGVycyBwZXIgY2l0YXppb25pABAACAAA0d0r3gAAABEACAAA0lFKoQAAAAEAGABz1xwAc9bZAAkaCAAGxBQABsQTAAKYDQACAFlNYWNpbnRvc2ggSEQ6VXNlcnM6AFNpbW9uZToARG9jdW1lbnRzOgBQb2xpTWk6AHRoZXNpczoAcGFwZXJzIHBlciBjaXRhemlvbmk6ADIlMkUzNzkxLnBkZgAADgAaAAwAMgAlADIARQAzADcAOQAxAC4AcABkAGYADwAaAAwATQBhAGMAaQBuAHQAbwBzAGgAIABIAEQAEgBGVXNlcnMvU2ltb25lL0RvY3VtZW50cy9Qb2xpTWkvdGhlc2lzL3BhcGVycyBwZXIgY2l0YXppb25pLzIlMkUzNzkxLnBkZgATAAEvAAAVAAIADf//AACABtIbHB0eWiRjbGFzc25hbWVYJGNsYXNzZXNdTlNNdXRhYmxlRGF0YaMdHyBWTlNEYXRhWE5TT2JqZWN00hscIiNcTlNEaWN0aW9uYXJ5oiIgXxAPTlNLZXllZEFyY2hpdmVy0SYnVHJvb3SAAQAIABEAGgAjAC0AMgA3AEAARgBNAFUAYABnAGoAbABuAHEAcwB1AHcAhACOANAA1QDdArcCuQK+AskC0gLgAuQC6wL0AvkDBgMJAxsDHgMjAAAAAAAAAgEAAAAAAAAAKAAAAAAAAAAAAAAAAAAAAyU=}}

@mastersthesis{tesisimo,
	Author = {Ceccherini, Simone},
	Date-Added = {2016-05-19 13:10:48 +0000},
	Date-Modified = {2016-08-26 13:06:19 +0000},
	School = {Politecnico di Milano},
	Title = {{P}reliminary {M}ission and {S}ystem {D}esign for a {H}ybrid {T}ransfer to the {G}eostationary {O}rbit},
	Year = {2016}}

@article{paper_topputo,
	Author = {Zhang, C. and Topputo, F. and Bernelli-Zazzera, F. and Zhao, Y.},
	Journal = {Journal of Guidance, Control, and Dynamics},
	Number = {8},
	Pages = {1501--1510},
	Publisher = {American Institute of Aeronautics and Astronautics},
	Title = {Low-Thrust Minimum-Fuel Optimization in the Circular Restricted Three-Body Problem},
	Volume = {38},
	Year = {2015}}

@inproceedings{goebel2002performance,
	Author = {Goebel, D. M. and Martinez-Lavin, M. and Bond, T. A. and King, A. M.},
	Booktitle = {$38^{th}$ Joint Propulsion Conference, Indianapolis, \textsc{in}, July 8-11 2002},
	Optnumber = {AIAA 2002-4348},
	Title = {Performance of \textit{XIPS} electric propulsion in on-orbit station keeping of the Boeing 702 spacecraft}}

@article{pooleboeing,
	Author = {Poole, Mark and Ho, Monte},
	Title = {Boeing Low-Thrust Geosynchronous Transfer Mission Experience}}
