@article{smooth,
  title={New Smoothing Techniques for Solving Bang-Bang Optimal Control Problems - Numerical Results and Statistical Interpretation},
  author={Bertrand, R. and Epenoy, R.},
  journal={Optimal Control Applications and Methods},
  volume={23},
  number={4},
  pages={171--197},
  year={2002},
  publisher={Wiley Online Library}
}

@Book{bryson,
  title={Applied Optimal Control: Optimization, Estimation and Control},
  author={Bryson, A. E. and Ho, Y.},
  publisher = {Wiley, New York},
  year={1975}
}

@article{mintime,
author = {Caillau, J. B. and Daoud, B.},
doi = {10.1137/110847299},
journal = {SIAM Journal on Control and Optimization},
keywords = {49k15,70q05,conjugate points,control-affine,homotopy,minimum time control,msc classification,systems,three-body problem},
number = {6},
pages = {3178--3202},
title = {{Minimum Time Control of the Restricted Three-Body Problem}},
volume = {50},
year = {2012}
}

@article{minfuel,
author = {Caillau, J. B. and Daoud, B. and Gergaud, J.},
doi = {10.1007/s10569-012-9443-x},
journal = {Celestial Mechanics and Dynamical Astronomy},
keywords = {conjugate points,homotopy,indirect methods,low-thrust,minfuel,minimum fuel control,three-body problem},
mendeley-tags = {minfuel},
number = {1-2},
pages = {137--150},
title = {{Minimum Fuel Control of the Planar Circular Restricted Three-Body Problem}},
volume = {114},
year = {2012}
}

@TechReport{sert1,
author = {Gold, H. and Rulis, R. J. and {Frank A. M.}, Jr. and Hawersaat, W. H.},
title = {{Description and Operation of Spacecraft in \textit{SERT} I Ion Thruster Flight Test}},
institution = {\textit{NASA} TM X-1077},
year = {1965}
}

@article{Haberkorn2004,
author = {Haberkorn, T. and Martinon, P. and Gergaud, J.},
doi = {10.2514/1.4022},
journal = {Journal of Guidance, Control, and Dynamics},
number = {6},
pages = {1046--1060},
title = {Low Thrust Minimum-Fuel Orbital Transfer: A Homotopic Approach},
volume = {27},
year = {2004}
}


@article{Jiang2012,
author = {Jiang, F. and Baoyin, H. and Li, J.},
doi = {10.2514/1.52476},
journal = {Journal of Guidance, Control, and Dynamics},
keywords = {practical},
mendeley-tags = {practical},
number = {1},
pages = {245--258},
title = {{Practical Techniques for Low-Thrust Trajectory Optimization with Homotopic Approach}},
volume = {35},
year = {2012}
}

@article{Mantia2006,
author = {La Mantia, M. and Casalino, L.},
doi = {10.2514/1.18986},
journal = {Journal of Guidance, Control, and Dynamics},
keywords = {casalino},
mendeley-tags = {casalino},
number = {4},
pages = {1011--1014},
title = {{Indirect Optimization of Low-Thrust Capture Trajectories}},
volume = {29},
year = {2006}
}

@book{Lawden1963,
author = {Lawden, D. F.},
publisher = {Butterworths},
title = {{Optimal Trajectories for Space Navigation}},
year = {1963}
}

@book{longuski,
author = {Longuski, J. M. and Guzman, J. J. and Prussing, J. E.},
publisher = {Springer},
title = {{Optimal Control with Aerospace Applications}},
year = {2014}
}


@Misc{Martinon2010,
author = {Martinon, P. and Gergaud, J.},
title = {{Shoot2.0: An indirect grid shooting package for optimal control problems, with switching handling and embedded continuation}},
url = {http://hal.inria.fr/inria-00517515/},
year  = {2010}
}

@article{Ozimek2010,
author = {Ozimek, M. T. and Howell, K. C.},
doi = {10.2514/1.43179},
journal = {Journal of Guidance, Control, and Dynamics},
keywords = {ozimek},
mendeley-tags = {ozimek},
number = {2},
pages = {533--549},
title = {{Low-Thrust Transfers in the Earth-Moon System, Including Applications to Libration Point Orbits}},
volume = {33},
year = {2010}
}

@Book{Pontryagin1987,
author = {Pontryagin, L. S. and Boltyanskii, V. G. and Gamkrelidze, R. V. and Mishchenko, E. F.},
title = {{Mathematical Theory of Optimal Processes}},
publisher = {Interscience Publishers},
year = {1987},
}


@book{quarteroni,
author = {Quarteroni, A. and Sacco, R. and Saleri, F.},
publisher = {Springer},
title = {{Numerical Mathematics}},
year = {2000}
}

@article{Russell2007,
author = {Russell, R. P.},
journal = {Journal of Guidance, Control, and Dynamics},
keywords = {russell},
mendeley-tags = {russell},
number = {2},
pages = {460--472},
title = {{Primer Vector Theory Applied To Global Low Thrust Trade Studies}},
volume = {30},
year = {2007}
}

@article{Senent2005,
author = {Senent, J. and Ocampo, C. A. and Capella, A.},
doi = {10.2514/1.6398},
journal = {Journal of Guidance, Control, and Dynamics},
keywords = {circular restricted three body problem,invariant manifold,low thrust,ocampo,optimal control theory,optimization,periodic trajectory,variable specific impulse},
mendeley-tags = {ocampo},
number = {2},
pages = {280--290},
title = {{Low-Thrust Variable-Specific-Impulse Transfers and Guidance to Unstable Periodic Orbits}},
volume = {28},
year = {2005}
}

@article{Topputo2013,
  author = {Topputo, F. and Zhang, C.},
  title = {{Survey of Direct Transcription for Low-Thrust Space Trajectory Optimization with Applications}},
  journal = {Abstract and Applied Analysis},
  year = {2014},
  volume = {2014},
  pages = {1--15},
  number = {Article ID 851720}, 
  doi = {10.1155/2014/851720}
}

@article{paper_topputo,
  title={Low-Thrust Minimum-Fuel Optimization in the Circular Restricted Three-Body Problem},
  author={Zhang, C. and Topputo, F. and Bernelli-Zazzera, F. and Zhao, Y.},
  journal={Journal of Guidance, Control, and Dynamics},
  volume={38},
  number={8},
  pages={1501--1510},
  year={2015},
  publisher={American Institute of Aeronautics and Astronautics}
}


@Book{keller1992numerical,
  title={Numerical methods for two-point boundary-value problems},
  author={Keller, H. B.},
  lccn={92031818},
  year={1992},
  publisher={Dover Publications}
}

@article{keller1987lectures,
  title={Lectures on Numerical Methods in Bifurcation Theory},
  author={Keller, H. B.},
  journal={Tata Institute of Fundamental Research, Lectures on Mathematics and Physics, Springer-Verlag, New York},
  year={1987}
}

@Book{allowger,
author = {Allowger, E. L. and Georg, K.},
title = {Introduction to Numerical Continuation Methods},
publisher = {Society for Industrial and Applied Mathematics},
year = {1987},
series = {Classics in Applied Mathematics, Book 45},
}

@book{chow2012methods,
  title={Methods of bifurcation theory},
  author={Chow, S. N. and Hale, J. K.},
  volume={251},
  year={2012},
  publisher={Springer Science \& Business Media}
}


@inproceedings{schubert2013minimum,
  title={Minimum-Time Low-Earth Orbit to High-Earth Orbit Low-Thrust Trajectory Optimization},
  author={Schubert, K. F. and Rao, A. V.},
  booktitle={AAS/AIAA Astrodynamics Specialist Conference},
  number={12-926},
  year={2013},
  organization={Citeseer}
}

@inproceedings{ruggiero2011low,
  title={Low-thrust maneuvers for the efficient correction of orbital elements},
  author={Ruggiero, A. and Pergola, P. and Marcuccio, S. and Andrenucci, M.},
  booktitle={32nd International Electric Propulsion Conference},
  pages={1--13},
  year={2011}
}

@InProceedings{petropoulos2003simple,
author = {Petropoulos, A. E.},
title = {Simple control laws for low-thrust orbit transfers},
booktitle = {AAS/AIAA Astrodynamics Specialist Conference},
OPTcrossref = {AAS Paper 03-630},
OPTyear = {2003},
}

@book{keller1968numerical,
  title={Numerical Methods for Two-Point Boundary Value Problems},
  author={Keller, H. B.},
  year={1968},
  publisher={Ginn-Blaisdel, Walthman, Mass},
  }

@article{graham2015minimum,
  title={Minimum-time trajectory optimization of multiple revolution low-thrust earth-orbit transfers},
  author={Graham, K. F. and Rao, A. V.},
  journal={Journal of Spacecraft and Rockets},
  volume={52},
  number={3},
  pages={711--727},
  year={2015},
  publisher={American Institute of Aeronautics and Astronautics}
}

@inproceedings{gao2004low,
  title={Low-thrust interplanetary orbit transfers using hybrid trajectory optimization method with multiple shooting},
  author={Gao, Y. and Kluever, C. A.},
  booktitle={AIAA/AAS Astrodynamics Specialist Conference},
  pages={726--747},
  year={2004}
}

@article{gergaud2006homotopy,
  title={Homotopy method for minimum consumption orbit transfer problem},
  author={Gergaud, J. and Haberkorn, T.},
  journal={ESAIM: Control, Optimisation and Calculus of Variations},
  volume={12},
  number={2},
  pages={294--310},
  year={2006},
  publisher={EDP Sciences}
}

@InProceedings{vargamany,
author={Varga, G. I. and P{\'e}rez, J. M. S.},
title = {Many-Revolution Low-Thrust Orbit Transfer Computation Using Equinoctial \emph{Q-Law} including $J_2$ and Eclipse Effects},
booktitle = {$6^{th}$ International Conference on Astrodynamics Tools and Techniques, 14-17 Mar. 2016, Darmstadt},
  year={2015}
}






